% This file was created with JabRef 2.6.
% Encoding: Cp1252

@ARTICLE{costa_2011_analyzing_and_modeling,
	author = {Costa, Luciano and Oliveira, Osvaldo N. and Travieso, Gonzalo and Rodrigues, Francisco A. and Villas Boas, Paulino R. and Antiqueira, Lucas and Viana, Matheus P. and Correa Rocha, Luis E.},
	citeulike-article-id = {9329491},
	citeulike-linkout-0 = {http://dx.doi.org/10.1080/00018732.2011.572452},
	citeulike-linkout-1 = {http://www.ingentaconnect.com/content/tandf/tadp/2011/00000060/00000003/art00001},
	citeulike-linkout-2 = {http://www.tandfonline.com/doi/abs/10.1080/00018732.2011.572452},
	day = {12},
	doi = {10.1080/00018732.2011.572452},
	journal = {Advances in Physics},
	keywords = {applications, complex, networks, survey},
	month = may,
	number = {3},
	pages = {329--412},
	posted-at = {2012-01-09 13:18:10},
	priority = {3},
	publisher = {Taylor \& Francis},
	title = {{Analyzing and modeling real-world phenomena with complex networks: a survey of applications}},
	volume = {60},
	year = {2011}
}

@inproceedings{modelando_textos_redes_complexas,
	added-at = {2012-09-10T02:05:26.000+0200},
	address = {São Leopoldo-RS, Brasil},
	author = {Antiqueira, L. and Nunes, M. G. V. and {Oliveira Jr.}, O. N. and Costa, L. F.},
	biburl = {http://www.bibsonomy.org/bibtex/26d48a296a77e3cd88023264e3535f400/lantiq},
	booktitle = {Anais do XXV Congresso da Sociedade Brasileira de Computação (III Workshop em Tecnologia da Informação e da Linguagem Humana - TIL)},
	file = {full paper:Antiqueira2005.pdf:PDF},
	groups = {public},
	interhash = {c4c2f0e2e21d09b9f45c78111035f398},
	intrahash = {6d48a296a77e3cd88023264e3535f400},
	keywords = {NLP language myown networks portuguese},
	pages = {2089-2098},
	timestamp = {2012-09-10T02:05:26.000+0200},
	title = {Modelando textos como redes complexas},
	year = 2005
}


@INPROCEEDINGS{scade,
  author = {Caspi, Paul and Curic, Adrian and Maignan, Aude and Sofronis, Christos
	and Tripakis, Stavros and Niebert, Peter},
  title = {{From Simulink to SCADE/Lustre to TTA: A Layered Approach for Distributed
	Embedded Applications}},
  booktitle = {Languages, Compilers and Tools for Embedded Systems, LCTES 2003},
  year = {2003},
  address = {San Diego},
  month = {June},
  publisher = {ACM-SIGPLAN},
  owner = {gustavohpcarvalho},
  team = {SYNC},
  timestamp = {2011.06.03}
}

@ARTICLE{pat,
  author = {Holzmann, Gerard J.},
  title = {{The Model Checker SPIN}},
  journal = {IEEE Trans. Softw. Eng.},
  year = {1997},
  volume = {23},
  pages = {279--295},
  month = {May},
  acmid = {260902},
  address = {Piscataway, NJ, USA},
  issn = {0098-5589},
  issue = {5},
  keywords = {Formal methods, program verification, design verification, model checking,
	distributed systems, concurrency.},
  numpages = {17},
  owner = {gustavohpcarvalho},
  publisher = {IEEE Press},
  timestamp = {2011.06.03}
}

@BOOK{roscoe,
  title = {{The Theory and Practice of Concurrency}},
  publisher = {Prentice-Hall},
  year = {1998},
  author = {Roscoe, A.W},
  owner = {gustavohpcarvalho},
  timestamp = {2011.06.03}
}

